%%%%%%%%%%%%%%%%%%%%%%%%%%%%%%%%%%%%%%%%%%%%%%%%%%%%%%%%%%%%%%%%%%%%%%%%%%%%%%%%%%%%%%%%
%publis



@article{TMI,
author={{\bf S. Mouysset} and Tauber, C. and Stute, S. and Noailles, J. and Buvat, I.} ,
title={Spectral Clustering for dynamic {PET} image segmentation},
journal="article de revue soumis"}

@article{SCTH,
author={{\bf S. Mouysset} and Noailles, J. and Ruiz, D.} ,
title={Domain decomposition stragies for parallel spectral clustering},
journal="en préparation"}


@article{CRAS,
author={{\bf S. Mouysset} and Noailles, J. and Ruiz, D.} ,
title={Classification spectrale : interprétation et propriétés de classification},
journal="en préparation"}

%@article{cras,
%author="V. Mouysset",
%title="Sur une approximation des champs propagés par les équations de Maxwell instationnaires, homogènes à l'extérieur d'un domaine borné",
%journal="Comptes Rendus à l'Académie des Sciences, série I",
%volume="341",
%pages="641-646",
%year="2005"}


%%%%%%%%%%%%%%%%%%%%%%%%%%%%%%%%%%%%%%%%%%%%%%%%%%%%%%%%%%%%%%%%%%%%%%%%%%%%%%%%%%%%%%%
%these
%@PHDTHESIS{These, 
%author="V. Mouysset",
%title="Une méthode de sous-domaines pour la résolution des équations de Maxwell instationnaires en présence d'un ensemble non-connexe d'objets diffractant",
%school="Université Paul Sabatier, Toulouse",
%year="2006"}

%%%%%%%%%%%%%%%%%%%%%%%%%%%%%%%%%%%%%%%%%%%%%%%%%%%%%%%%%%%%%%%%%%%%%%%%%%%%%%%%%%%%%%%%
%conferences
@conference{jfli,
  title={{A parallel strategy for spectral clustering}},
  author={{\bf S. Mouysset} and Noailles, J. and Ruiz, D.},
  booktitle={2nd Japanese French Laboratory for Informatics Workshop (JFLI), Paris, October 12-13, 2010. },
}


@conference{euro10,
  title={{On the efficiency of Spectral Clustering : interpretation, parallel computation and results}},
  author={{\bf S. Mouysset} and Noailles, J. and Ruiz, D.},
  booktitle={European Conference on Operational Research (EURO'10), Lisbon, Portugal, June 30- July 02, 2010. },
}



@conference{icdmke10,
  title={{On an interpretation of Spectral Clustering via Heat equation and Finite Elements Theory}},
  author={{\bf S. Mouysset} and Noailles, J. and Ruiz, D.},
  booktitle={International Conference on Data Mining and Knowledge Engineering (ICDMKE'10), Londres, UK,  July 11-14, 2010.({\bf Best Paper Award}) },
}




@conference{vec10,
  title={{On a strategy for Spectral Clustering with parallel computation}},
  author={{\bf S. Mouysset} and Noailles, J. and Ruiz, D.},
  booktitle={High Performance Computing for Computational Science: 9th International Conference (VECPAR'10), San Francisco, CA USA, June 22-25, 2010. },
}


@conference{ sparse09,
author = {{\bf S. Mouysset} and Noailles, J. and Ruiz, D.},
title = "{On the efficiency of Spectral Clustering : interpretation and results}",
booktitle = "{Sparse Days Meeting, Toulouse, June 18-19}",
year = {2009},
}



@conference{vec08,
  title={{Using a Global Parameter for Gaussian Affinity Matrices in Spectral Clustering}},
  author={{\bf S. Mouysset} and Noailles, J. and Ruiz, D.},
  booktitle={High Performance Computing for Computational Science: 8th International Conference (VECPAR'08)},
 address="Toulouse, France", 
month="June 24-27",
year="2008"}





@conference{bibi2,
  title={{On an Interpretation of Spectral Clustering via Heat Equation and Finite Elements Theory}},
  author={{\bf S. Mouysset} and Noailles, J. and Ruiz, D.},
  journal={},
  booktitle="",
  pages="",
  year="",
  organization=""
}


@conference{bibi3,
  title={{Parallel strategy for Spectral Clustering}},
  author={{\bf S. Mouysset} and Noailles, J. and Ruiz, D.},
  journal={},
  booktitle="",
  pages="",
  year="",
  organization=""
}



%@conference{vecpar,
%author="S. Mouysset and J.Noailles and D.Ruiz ",
%title="Using a global parameter for Gaussian  affinity matrices in spectral clustering", 
%booktitle="VECPAR'08",
%address="Toulouse, France", 
%month="24-27 Juin",
%year="2008"}

%%%%%%%%%%%%%%%%%%%%%%%%%%%%%%%%%%%%%%%%%%%%%%%%%%%%%%%%%%%%%%%%%%%%%%%%%%%%%%%%%%%%%%%%
%seminaires

@conference{gerad,
title="Classification spectrale et applications", 
booktitle="Séminaire Chaire d'exploitation des données et GERAD",
address="Montréal, Canada", 
month="Avril",
year="2011"
}

@conference{clovis,
title="Segmentation automatique d'images {TEP}
dynamiques par classification spectrale", 
booktitle="Réunion du groupe Quantification en Imagerie Moléculaire Nucléaire",
address="Paris, France", 
month="Octobre",
year="2010"
}



@conference{apo4,
title="On the efficiency of Spectral Clustering : interpretation, parallel computations and results", 
booktitle="journée des doctorants de l'équipe APO",
address="Toulouse, France", 
month="Septembre",
year="2010"
}




@conference{apo3,
title="On the efficiency of Spectral Clustering : interpretation and results", 
booktitle="journée des doctorants de l'équipe APO",
address="Toulouse, France", 
month="Septembre",
year="2009"
}



@conference{gene,
title="Spectral Clustering : principle and perspectives", 
booktitle="Gene Golub Around the World",
 address="CERFACS, Toulouse, France", 
month="29 février",
year="2008"}


@conference{gentz,
title="Profil temporel d'expression de gènes de l'espèce Medicago Truncatula infectée par la bactérie Ralstonia Solanacearum~: méthode {SOM}", 
booktitle="Présentation à l'ENSAT",
address="Toulouse, France", 
month="Janvier",
year="2008"}

@conference{apo,
title="Classification non supervisée : une approche spectrale et une approche via vecteurs support", 
booktitle="séminaire de l'équipe APO",
address="Toulouse, France", 
month="Juillet",
year="2006"}


@conference{apo2,
title="Spectral Clustering et Matrice d'Affinité Gaussienne : Paramétrisations Locales et Globales", 
booktitle="journée des doctorants de l'équipe APO",
address="Toulouse, France", 
month="Septembre",
year="2008"}

%%%%%%%%%%%%%%%%%%%%%%%%%%%%%%%
% Proceedings

@InProceedings{ vec08b,
author = {{ S. Mouysset} and Noailles, J. and Ruiz, D.},
title = "{Using a Global Parameter for Gaussian Affinity Matrix in Spectral Clustering}",
booktitle = "{Lecture Notes in Computer Science}",
pages={378--390},
year = {2008},
month = {juin},
publisher = {Springer-Verlag},
%address = {http://www.springerlink.com/},
%pages = {(on line)},
language = {anglais},
URL = {http://vecpar.fe.up.pt/2008/papers/3.php}
}

@InProceedings{ icdmke,
author = {{S. Mouysset} and Noailles, J. and Ruiz, D.},
title = "{On an Interpretation of Spectral Clustering via Heat Equation and Finite Elements Theory}",
booktitle = "{Lecture Notes in Engineering and Computer Science}",
year = {2010},
month = {},
pages={267-272},
address = {},
%pages = {(on line)},
language = {anglais},
%URL = {http://vecpar.fe.up.pt/2008/papers/3.php}
}



@InProceedings{vec10b,
  title={{On a strategy for Spectral Clustering with parallel computation}},
  author={{\bf S. Mouysset} and Noailles, J. and Ruiz, D. and Guivarch R.},
  booktitle={Lecture Notes in Computer Science},
  pages={408--420},
  year = {2011},
  publisher = {Springer-Verlag},
}


%%%%%%%%%%%%%%%%%%%%%%%%%%%%
% Rapports de recherche

@TechReport{ rtlegio,
author = {{\bf S. Mouysset} and Senescau, A.},
title = "{Analyse de données génomiques : hybridation de sondes}",
year = {2010},
month = {février},
type = {Rapport de recherche},
number = {RT-APO-10-07},
institution = {IRIT},
address = {Université Paul Sabatier, Toulouse},
language = {français}
}

@TechReport{ rtgentz,
author = {{\bf S. Mouysset} and Noailles, J. and Gentzbittel, L.},
title = "{Classification de profils d'expression de gènes : méthode Self Organizing Maps}",
year = {2009},
month = {décembre},
type = {Rapport de recherche},
number = {RT-APO-09-04},
institution = {IRIT},
address = {Université Paul Sabatier, Toulouse},
language = {français}
}

@TechReport{ rtnips,
author = {{\bf S. Mouysset} and Noailles, J. and Ruiz, D.},
title = "{On a new interpretation of Spectral Clustering via Heat equation and Finite Elements theory}",
year = {2009},
month = {juin},
type = {Rapport de recherche},
number = {RT-APO-09-02},
institution = {IRIT},
address = {Université Paul Sabatier, Toulouse},
language = {anglais},
URL = {http://apo.enseeiht.fr/REPORTS/RT_APO_09_02.pdf}
}


@techreport{spsvc,
author =" {\bf S. Mouysset} and Noailles, J.",
title="Classification non supervisée : une approche spectrale et une approche via vecteurs support",
number = "RT-APO-07-7",
institution = "IRIT",
year="Septembre 2006"}

%%%%%%%%%%%%%%%%%%%
% POSTER

@Misc{ ambiotis,
author = {Chene, G. and Guigne, C. and Baillif, V. and {\bf S. Mouysset} and Dubourdeau, M.},
title = {New insight on the resolution of inflammation during peritonitis. In {\it 16th {I}nternational {I}nflammation {R}esearch {A}ssociation {C}onference}},
year = {2010},
month = {septembre},
%howpublished = {Poster},
language = {anglais},
note = {}
}

@Misc{jobim,
author = {{\bf S. Mouysset} and Noailles, J. and Ruiz, D. and Guivarch, R.},
title = {Microarray image segmentation using Parallel Spectral Clustering. In {\it 12ème édition du colloque} {JOBIM} },
year = {2011},
month = {juin},
%howpublished = {Poster},
language = {anglais},
note = {}
}



%%%%%%%%%%%%%%%%%%%%%%%%%%%%%%%
%BIbliographie

@article{speC,
author={A. Y. Ng and Michael I. Jordan and Yair Weiss},
title={On spectral clustering: analysis and an algorithm},
journal={Proceedings in Advance Neural Information Processing Systems},
year={2002}
}

@book{dubes,
  author    = {Anil K. Jain and
               Richard C. Dubes},
  title     = {Algorithms for Clustering Data},
  publisher = {Prentice-Hall},
  year      = {1988},
  bibsource = {DBLP, http://dblp.uni-trier.de}
}


@article{perona,
  title={{Self-tuning spectral clustering}},
  author={Zelnik-Manor, L. and Perona, P.},
  journal={Advances in Neural Information Processing Systems},
  volume={17},
  number={1601-1608},
  pages={16},
  year={2004},
  publisher={MIT Press}
}

@article{von2007tutorial,
  title={{A tutorial on spectral clustering}},
  author={Von Luxburg, U.},
  journal={Statistics and Computing},
  volume={17},
  number={4},
  pages={395--416},
  year={2007},
  publisher={Springer}
}

@article{brand,
author={M. Brand and K. Huang},
title={A unifying theorem for spectral embedding and clustering},
journal={9th International Conference on Artificial Intelligence and Statistics},
year={2002}
}


@article{kohonen1998self,
  title={{The self-organizing map}},
  author={Kohonen, T.},
  journal={Neurocomputing},
  volume={21},
  %number={1-3},
  pages={1--6},
  year={1998},
  publisher={Elsevier}
}

@article{tamayo1999interpreting,
  title={{Interpreting patterns of gene expression with self-organizing maps: methods and application to hematopoietic differentiation}},
  author={Tamayo, P. and Slonim, D. and Mesirov, J. and Zhu, Q. and Kitareewan, S. and Dmitrovsky, E. and Lander, E.S. and Golub, T.R.},
  journal={Proceedings of the National Academy of Sciences of the United States of America},
  volume={96},
  number={6},
  pages={2907},
  year={1999},
  publisher={National Acad Sciences}
}

@conference{wong2000segmentation,
  title={{Segmentation of dynamic PET images using cluster analysis}},
  author={Wong, K.P. and Feng, D. and Meikle, SR and Fulham, MJ},
  booktitle={2000 IEEE Nuclear Science Symposium Conference Record},
  volume={3},
  year={2000}
}

@article{eigen,
title={Laplacian Eigenmaps and Spectral Techniques for Embedding and Clustering},
author={M. Belkin and P. Niyogi},
journal={Advances in Neural Information Processing Systems},
volume={14},
number={3},
year={2002}
}

@article{diffus,
  title={{Diffusion Maps, Spectral Clustering and Eigenfunctions of Fokker-Planck operators}},
  author={Nadler, B. and Lafon, S. and Coifman, R.R. and Kevrekidis, I.G.},
  journal={Arxiv preprint math.NA/0506090},
  year={2005}
}

@article{ shi,
    author = {Jianbo Shi and Jitendra Malik},
    title = {Normalized Cuts and Image Segmentation},
    journal = {IEEE Transactions on Pattern Analysis and Machine Intelligence},
    volume = {22},
    number = {8},
    pages = {888-905},
    year = {2000}}
 <   %url = %"citeseer.ist.psu.edu/shi97normalized.html" }


@article{younis2006node,
  title={{Node clustering in wireless sensor networks: recent developments and deployment challenges}},
  author={Younis, O. and Krunz, M. and Ramasubramanian, S.},
  journal={Network, IEEE},
  volume={20},
  number={3},
  pages={20--25},
  issn={0890-8044},
  year={2006},
  publisher={IEEE}
}   

@article{abbasi2007survey,
  title={{A survey on clustering algorithms for wireless sensor networks}},
  author={Abbasi, A.A. and Younis, M.},
  journal={Computer Communications},
  volume={30},
  number={14-15},
  pages={2826--2841},
  issn={0140-3664},
  year={2007},
  publisher={Elsevier}
}

@article{chasanis2008efficient,
  title={{Efficient video shot summarization using an enhanced spectral clustering approach}},
  author={Chasanis, V. and Likas, A. and Galatsanos, N.},
  journal={Artificial Neural Networks-ICANN 2008},
  pages={847--856},
  year={2008},
  publisher={Springer}
}

@conference{adami2006overview,
  title={{An overview of video shot clustering and summarization techniques for mobile applications}},
  author={Adami, N. and Benini, S. and Leonardi, R.},
  booktitle={Proceedings of the 2nd international conference on Mobile multimedia communications},
  pages={1--6},
  year={2006},
  organization={ACM}
}

@article{odobez2003spectral,
  title={{Spectral structuring of home videos}},
  author={Odobez, J.M. and Gatica-Perez, D. and Guillemot, M.},
  journal={Image and Video Retrieval},
  pages={85--90},
  year={2003},
  publisher={Springer}
}


@article{jensen2007continuous,
  title={{Continuous clustering of moving objects}},
  author={Jensen, C.S. and Lin, D. and Ooi, B.C.},
  journal={IEEE transactions on knowledge and data engineering},
  pages={1161--1174},
  issn={1041-4347},
  year={2007},
  publisher={Published by the IEEE Computer Society}
}

@article{kalnis2005discovering,
  title={{On discovering moving clusters in spatio-temporal data}},
  author={Kalnis, P. and Mamoulis, N. and Bakiras, S.},
  journal={Advances in Spatial and Temporal Databases},
  pages={364--381},
  year={2005},
  publisher={Springer}
}

@article{chen2010clustering,
  title={{Clustering moving objects in spatial networks}},
  author={Chen, J. and Lai, C. and Meng, X. and Xu, J. and Hu, H.},
  journal={Advances in Databases: Concepts, Systems and Applications},
  pages={611--623},
  year={2010},
  publisher={Springer}
}


@conference{crum2008spectral,
  title={{Spectral Clustering and Label Fusion For 3D Tissue Classification: Sensitivity and Consistency Analysis}},
  author={Crum, W.R.},
  booktitle={Proc. Medical Image Understanding and Analysis},
  pages={149--153},
  year={2008}
}

@article{huang2011integrating,
  title={{Integrating spectral clustering with wavelet based kernel partial least square regressions for financial modeling and forecasting}},
  author={Huang, S.C.},
  journal={Applied Mathematics and Computation},
  issn={0096-3003},
  year={2011},
  publisher={Elsevier}
}
@conference{galic2000spatio,
  title={{Spatio-temporal image segmentation using optical flow and clustering algorithm}},
  author={Galic, S. and Loncaric, S.},
  booktitle={Image and Signal Processing and Analysis, 2000. IWISPA 2000. Proceedings of the First International Workshop on},
  pages={63--68},
  isbn={9539676924},
  year={2000},
  organization={IEEE}
}


@article{sebastian2006spatio,
  title={{Spatio-temporal analysis of constitutive exocytosis in epithelial cells}},
  author={Sebastian, R. and others},
  journal={IEEE/ACM Transactions on Computational Biology and Bioinformatics},
  pages={17--32},
  issn={1545-5963},
  year={2006},
  publisher={Published by the IEEE CS, CI, and EMB Societies \& the ACM}
}

@article{Chen10,
 title={{Parallel Spectral Clustering in Distributed Systems}},
   author = {Wen-Yen Chen and Song Yangqiu and Hongjie Bai and Chih-Jen Lin
   and Edward Y. Chang},
  journal = {Preprint of IEEE Transactions on Pattern Analysis and Machine Intelligence}, 
  title = {Parallel Spectral Clustering in Distributed Systems}, 
  year = {2010}
}  




@conference{song,
  title={{Parallel spectral clustering}},
  author={Song, Y. and Chen, W.Y. and Bai, H. and Lin, C.J. and Chang, E.Y.},
  booktitle={Proceedings of European Conference on Machine Learning and Pattern Knowledge Discovery},
  year={2008},
  organization={Springer}
}

@article{fowlkes,
  title={{Spectral grouping using the Nystrom method}},
  author={Fowlkes, C. and Belongie, S. and Chung, F. and Malik, J.},
  journal={IEEE Transactions on Pattern Analysis and Machine Intelligence},
  volume={26},
  number={2},
  pages={214--225},
  year={2004},
  publisher={Citeseer}
}

@book{anderson1999lapack,
  title={{LAPACK Users' guide}},
  author={Anderson, E. and Bai, Z. and Bischof, C. and Blackford, S. and Demmel, J. and Dongarra, J. and Du Croz, J. and Greenbaum, A. and Hammarling, S. and McKenney, A. and others},
  year={1999},
  publisher={Society for Industrial Mathematics}
}


@article{fraley1998many,
  title={{How many clusters? Which clustering method? Answers via model-based cluster analysis}},
  author={Fraley, C. and Raftery, A.E.},
  journal={The Computer Journal},
  volume={41},
  number={8},
  pages={578},
  year={1998},
  publisher={Br Computer Soc}
}


@article{al1996new,
  title={{New methods for the initialisation of clusters}},
  author={Al-Daoud, M.B. and Roberts, S.A.},
  journal={Pattern Recognition Letters},
  volume={17},
  number={5},
  pages={451--455},
  year={1996},
  publisher={Elsevier}
}


@conference{bradley1998refining,
  title={{Refining initial points for k-means clustering}},
  author={Bradley, P.S. and Fayyad, U.M.},
  booktitle={Proceedings of the Fifteenth International Conference on Machine Learning},
  pages={91--99},
  year={1998},
  organization={Citeseer}
}

@conference{he2004initialization,
  title={{Initialization of cluster refinement algorithms: a review and comparative study}},
  author={He, J. and Lan, M. and Tan, C.L. and Sung, S.Y. and Low, H.B.},
  booktitle={2004 IEEE International Joint Conference on Neural Networks, 2004. Proceedings},
  volume={1},
  year={2004}
}


@article{khan2004cluster,
  title={{Cluster center initialization algorithm for K-means clustering}},
  author={Khan, S.S. and Ahmad, A.},
  journal={Pattern Recognition Letters},
  volume={25},
  number={11},
  pages={1293--1302},
  year={2004},
  publisher={Elsevier}
}


@misc{giannakeas2008image,
  title={{Image Processing and Machine Learning Techniques for the Segmentation of cDNA Microarray Images}},
  author={Giannakeas, N. and Fotiadis, D.I.},
  year={2008},
  publisher={Handbook of research on advanced techniques in diagnostic images and biomedical application}
}


@article{uslan2010microarray,
  title={{Microarray image segmentation using clustering methods}},
  author={Uslan, V. and Bucak, O. and Cekmece, B.},
  journal={Mathematical and Computational Applications},
  volume={15},
  number={2},
  pages={240--247},
  year={2010}
}

@article{rueda2009pattern,
  title={{A Pattern Classification Approach to DNA Microarray Image Segmentation}},
  author={Rueda, L. and Rojas, J.},
  journal={Pattern Recognition in Bioinformatics},
  pages={319--330},
  year={2009},
  publisher={Springer}
}


@conference{yom2009parallel,
  title={{Parallel pairwise clustering}},
  author={Yom-Tov, E. and Slonim, N.},
  booktitle={SIAM International Conference on Data Mining (SDM)},
  year={2009}
}

@article{yang2001analysis,
  title={{Analysis of cDNA microarray images}},
  author={Yang, Y.H. and Buckley, M.J. and Speed, T.P.},
  journal={Briefings in bioinformatics},
  volume={2},
  number={4},
  pages={341},
  issn={1467-5463},
  year={2001},
  publisher={Oxford Univ Press}
}

@article{rueda2005new,
  title={{A new method for DNA microarray image segmentation}},
  author={Rueda, L. and Qin, L.},
  journal={Image Analysis and Recognition},
  pages={886--893},
  year={2005},
  publisher={Springer}
}

@book{lehoucq1998arpack,
  title={{ARPACK users' guide: solution of large-scale eigenvalue problems with implicitly restarted Arnoldi methods}},
  author={Lehoucq, R.B. and Sorensen, D.C. and Yang, C.},
  isbn={0898714079},
  year={1998},
  publisher={Siam}
}


